@book{BT,
    author = {J.~Binney and S.~Tremaine},
    title = {Galactic Dynamics},
    publisher = {Princeton University Press},
    edition = 2,
    year = {2008},
}
@book{spitz,
    author = {Л.~Спитцер},
    title = {Динамическая эволюция шаровых скоплений},
    year = {1990},
}
@article{rasio,
    author = {Frederic A.~Rasio},
    title = {Monte Carlo Simulations of Globular Cluster Dynamics},
    year = {2000},
}

